@misc{ref:mult, title={Binary multiplier}, url={https://en.wikipedia.org/wiki/Binary_multiplier}, journal={Wikipedia}, publisher={Wikimedia Foundation}, year={2017}, month={Sep}, howpublished={\url{https://en.wikipedia.org/wiki/Binary_multiplier}},}